@article{KANG20101130,
doi = {10.1016/j.jhsa.2010.03.037},
author = {N. V. Kang and C. Pendegrass and L. Marks and G. Blunn},
}

@article{Fitzpatrick2011ITAP,
author = {N. Fitzpatrick and Smith, Thomas J. and Pendegrass, Catherine J. and Yeadon, Russell and Ring, Michael and Goodship, Allen E. and Blunn, Gordon W.},
doi = {10.1111/j.1532-950X.2011.00891.x},
}

@article{Li2017Branemark,
  author = {Y. Li et al},
  doi = {10.1007/s00113-017-0331-4},
}

@article{ClementeFrancesco2017TaHM,
author = {Clemente, F. and Hakansson, Bo and Cipriani, Christian and Wessberg, Johan and Kulbacka-Ortiz, Katarzyna and Brånemark, Rickard and Fredén Jansson, Karl-Johan and Ortiz-Catalan, Max},
doi = {10.1038/srep45363}
}

@article{ÖrgelMarcus2021Oito,
author = {Örgel, M. and Elareibi, Mohamed and Graulich, Tilman and Krettek, Christian and Neunaber, Claudia and Aschoff, Horst-Heinrich and Ranker, Alexander and Winkelmann, Marcel},
doi = {10.1007/s00402-021-04099-1},
}


@article{MeulenbeltHenkEJ2011SPot,
author = {Meulenbelt, Henk E. J and Geertzen, Jan H. B and Jonkman, Marcel F and Dijkstra, Pieter U},
address = {UPPSALA},
copyright = {info:eu-repo/semantics/openAccess},
issn = {0001-5555},
journal = {Acta dermato-venereologica},
language = {eng},
number = {2},
pages = {173-177},
publisher = {ACTA DERMATO-VENEREOLOGICA},
title = {Skin Problems of the Stump in Lower Limb Amputees: 1. A Clinical Study},
volume = {91},
year = {2011},
}
